@article{Dai_2019,
   title={Big data analytics for manufacturing internet of things: opportunities, challenges and enabling technologies},
   volume={14},
   ISSN={1751-7583},
   url={http://dx.doi.org/10.1080/17517575.2019.1633689},
   DOI={10.1080/17517575.2019.1633689},
   number={9-10},
   journal={Enterprise Information Systems},
   publisher={Informa UK Limited},
   author={Dai, Hong-Ning and Wang, Hao and Xu, Guangquan and Wan, Jiafu and Imran, Muhammad},
   year={2019},
   month={06},
   pages={1279â€“1303}
}
@article{article_data_repr,
author = {Siriyasatien, Padet and Chadsuthi, Sudarat and Phd, Katechan and Kesorn, Kraisak},
year = {2018},
month = {09},
pages = {1-39},
title = {Dengue Epidemics Prediction: A Survey of the State-of-the-Art Based on Data Science Processes},
volume = {6},
journal = {IEEE Access},
doi = {10.1109/ACCESS.2018.2871241}
}

@Article{Yu2018,
author={Yu, Shuyan
and He, Jinyuan},
title={Providing trusted data for industrial wireless sensor networks},
journal={EURASIP Journal on Wireless Communications and Networking},
year={2018},
month={12},
day={17},
volume={2018},
number={1},
pages={289},
issn={1687-1499},
doi={10.1186/s13638-018-1307-y},
url={https://doi.org/10.1186/s13638-018-1307-y}
}

@ONLINE {uncorrel_correl,
    author = "Michael Hardy",
    title  = "What is the intuitive meaning of uncorrelated?",
    month  = "09",
    year   = "2017",
    url    = "https://math.stackexchange.com/questions/922016/what-is-the-intuitive-meaning-of-uncorrelated"
}

@inbook{inbook,
author = {Munir, Mohsin and Baumbach, Sebastian and Gu, Conny and Dengel, Andreas and Ahmed, Sheraz},
year = {2018},
month = {03},
pages = {144-168},
title = {Data Analytics: Industrial Perspective \& Solutions for Streaming Data},
isbn = {978-981-322-803-0},
journal = {Data Mining in Time Series and Streaming Databases},
doi = {10.1142/9789813228047_0007}
}
@patent{amazon_patent,
 title     = "Method and system for anticipatory package shipping",
 number    = "8615473",
 author    = {Spiegel, Joel R. and Mckenna, Michael T.and Lakshman, Girish S.and Nordstrom},
 year      = "2013",
 month     = "12",
 url       = "https://www.freepatentsonline.com/8615473.html"
}





@ONLINE {dbms_pic,
    author = "Learn Computer Science",
    title  = "Database Management System",
    month  = "10",
    year   = "2020",
    url    = "https://www.learncomputerscienceonline.com/database-management-system/"
}
